@ONLINE{msp430family,
        author = {{Texas Instruments}},
        title = {MSP430x2xx Family User's Guide},
        note = {[Online], Poslední modifikace: 2012, [cit. 2013-12-15]},
        URL = {http://www.ti.com/lit/ug/slau144j/slau144i.pdf},
        year = {2012}
}

@ONLINE{intelhex,
        author = {Intel},
        title = {Hexadecimal Object File Format Specification},
        note = {[Online], Poslední modifikace: 6. 1. 1988, [cit. 2013-12-16]},
        URL = {http://microsym.com/editor/assets/intelhex.pdf},
        year = {1988}
}

@BOOK{msp430book,
    author = {John Davies},
    title = {MSP430 Microcontroller Basics},
    pages = {686},
    address = {Burlington},
    publisher = {Elsevier},
    year = {2008},
    isbn = {978-0-7506-8276-3}
}

@ONLINE{elf,
    author = {Wikipedia},
    title = {Executable and Linkable Format --- Wikipedia, The Free Encyclopedia},
    year = {2013},
    url = {http://en.wikipedia.org/w/index.php?title=Executable_and_Linkable_Format&oldid=582326167},
    note = {[Online], Poslední modifikace: 19. 11. 2013, [cit. 2013-11-25]}
}

@ONLINE{dwarf,
    author = {{DWARF Standards Committee}},
    title = {DWARF Debugging Information Format},
    year = {1993},
    url = {http://www.dwarfstd.org/doc/dwarf-2.0.0.pdf},
    note = {[Online], Poslední modifikace: 27. 7. 1993, [cit. 2013-11-25]}
}

@BOOK{nutaro,
    author = {James Nutaro},
    title = {Building Software for Simulation: Theory and Algorithms, with Applications in C++},
    pages = {100--170},
    address = {Hoboken, New Jersey},
    publisher = {John Wiley and Sons},
    year = {2011},
    isbn = {978-0-470-41469-9}
}

